<record><leader>00000cas a22000007a 4500</leader><controlfield tag="001">37804210</controlfield><controlfield tag="008">971018d19611981tnuwr ne      0    0eng d</controlfield><datafield ind1=" " ind2=" " tag="010"><subfield code="a">sn 97065452 </subfield></datafield><datafield ind1=" " ind2=" " tag="040"><subfield code="a">TGN</subfield><subfield code="b">eng</subfield><subfield code="c">TGN</subfield><subfield code="d">OCLCQ</subfield><subfield code="d">OCLCF</subfield><subfield code="d">OCLCO</subfield></datafield><datafield ind1="1" ind2=" " tag="029"><subfield code="a">AU@</subfield><subfield code="b">000013538957</subfield></datafield><datafield ind1=" " ind2=" " tag="042"><subfield code="a">msc</subfield></datafield><datafield ind1=" " ind2=" " tag="043"><subfield code="a">n-us-tn</subfield></datafield><datafield ind1="0" ind2="4" tag="245"><subfield code="a">The Parsons news leader &amp; the Decatur County herald.</subfield></datafield><datafield ind1="1" ind2=" " tag="246"><subfield code="i">Issues for June 17, 1965-Feb. 27, 1969 have title:</subfield><subfield code="a">Parsons news leader and Decatur County herald</subfield></datafield><datafield ind1="1" ind2=" " tag="246"><subfield code="i">Issues for Mar. 6, 1969-Aug. 23, 1973 have title:</subfield><subfield code="a">Parsons news leader &amp; Decatur County herald</subfield></datafield><datafield ind1="1" ind2=" " tag="246"><subfield code="i">Issues for Aug. 30, 1973-Sept. 30, 1981 have title:</subfield><subfield code="a">Parsons news leader and the Decatur County herald</subfield></datafield><datafield ind1=" " ind2=" " tag="260"><subfield code="a">Parsons, Tenn. :</subfield><subfield code="b">Edwin C. Townsend,</subfield><subfield code="c">1961-1981.</subfield></datafield><datafield ind1=" " ind2=" " tag="300"><subfield code="a">v.</subfield></datafield><datafield ind1=" " ind2=" " tag="310"><subfield code="a">Weekly</subfield></datafield><datafield ind1="0" ind2=" " tag="362"><subfield code="a">Vol. 37, no. 11 (Mar. 17, 1961)-v. 55, no. 37 (Sept. 30, 1981).</subfield></datafield><datafield ind1=" " ind2=" " tag="580"><subfield code="a">Formed by the union of: Parsons news-leader, and: Decatur County herald.</subfield></datafield><datafield ind1=" " ind2="0" tag="651"><subfield code="a">Parsons (Tenn.)</subfield><subfield code="v">Newspapers.</subfield></datafield><datafield ind1=" " ind2="0" tag="651"><subfield code="a">Decatur County (Tenn.)</subfield><subfield code="v">Newspapers.</subfield></datafield><datafield ind1=" " ind2="7" tag="655"><subfield code="a">Newspapers.</subfield><subfield code="2">fast</subfield><subfield code="0">(OCoLC)fst01423814</subfield></datafield><datafield ind1=" " ind2="7" tag="651"><subfield code="a">Tennessee</subfield><subfield code="z">Decatur County.</subfield><subfield code="2">fast</subfield><subfield code="0">(OCoLC)fst01210798</subfield></datafield><datafield ind1=" " ind2="7" tag="651"><subfield code="a">Tennessee</subfield><subfield code="z">Parsons.</subfield><subfield code="2">fast</subfield><subfield code="0">(OCoLC)fst01308676</subfield></datafield><datafield ind1=" " ind2=" " tag="752"><subfield code="a">United States</subfield><subfield code="b">Tennessee</subfield><subfield code="c">Decatur</subfield><subfield code="d">Parsons.</subfield></datafield><datafield ind1="1" ind2="4" tag="780"><subfield code="t">Parsons news-leader</subfield><subfield code="w">(DLC)sn 89058227</subfield></datafield><datafield ind1="1" ind2="4" tag="780"><subfield code="t">Decatur County herald</subfield><subfield code="w">(DLC)sn 89058060</subfield></datafield><datafield ind1="0" ind2="0" tag="785"><subfield code="t">News leader (Parsons, Tenn.)</subfield><subfield code="w">(DLC)sn 97065453</subfield></datafield></record>